@article{meurer_2017_sympy,
    title={{S}ym{P}y: {S}ymbolic computing in {P}ython},
    author={Meurer, Aaron and Smith, Christopher P. and Paprocki, Mateusz and \v{C}ert\'{i}k, Ond\v{r}ej and Kirpichev, Sergey B. and Rocklin, Matthew and Kumar, Amit and Ivanov, Sergiu and Moore, Jason K. and Singh, Sartaj and Rathnayake, Thilina and Vig, Sean and Granger, Brian E. and Muller, Richard P. and Bonazzi, Francesco and Gupta, Harsh and Vats, Shivam and Johansson, Fredrik and Pedregosa, Fabian and Curry, Matthew J. and Terrel, Andy R. and Rou\v{c}ka, \v{S}t\v{e}p\'{a}n and Saboo, Ashutosh and Fernando, Isuru and Kulal, Sumith and Cimrman, Robert and Scopatz, Anthony},
    year={2017},
    month={Jan},
    keywords={Python, Computer algebra system, Symbolics},
    volume={3},
    pages={e103},
    journal={PeerJ Computer Science},
    issn={2376-5992},
    url={https://doi.org/10.7717/peerj-cs.103},
    doi={10.7717/peerj-cs.103}
}

@book{carvallo_1899_theorie,
    title={Th{\'e}orie du mouvement du monocycle et de la bicyclette.},
    author={Carvallo, Emmanuel},
    year={1899},
    publisher={Gauthier-Villars}
}

@article{whipple_1899_stability,
    title={The stability of the motion of a bicycle},
    author={Whipple, Francis JW},
    journal={Quarterly Journal of Pure and Applied Mathematics},
    volume={30},
    number={120},
    pages={312--348},
    year={1899}
}

@article{kooijman_2008_experimental,
	title={Experimental validation of a model of an uncontrolled bicycle},
	volume={19},
	issn={1573-272X},
	url={https://doi.org/10.1007/s11044-007-9050-x},
	doi={10.1007/s11044-007-9050-x},
	language={en},
	number={1},
	urldate={2022-11-07},
	journal={Multibody System Dynamics},
	author={Kooijman, J. D. G. and Schwab, A. L. and Meijaard, J. P.},
	month=feb,
	year={2008},
	keywords={Bicycle dynamics, Experiments, Instrumentation, Multibody dynamics, Non-holonomic constraints},
	pages={115--132},
}

@phdthesis{moore_2012_human,
	title={Human {C}ontrol of a {B}icycle},
	url={http://moorepants.github.io/dissertation/index.html},
	urldate={2022-10-10},
	school={University of California, Davis},
	author={Moore, Jason K.},
	month=aug,
	year={2012},
}

@article{schwab_2013_review,
	title={A review on bicycle dynamics and rider control},
	volume={51},
	issn={0042-3114},
	url={https://doi.org/10.1080/00423114.2013.793365},
	doi={10.1080/00423114.2013.793365},
	number={7},
	urldate={2022-10-13},
	journal={Vehicle System Dynamics},
	author={Schwab, A.   L. and Meijaard, J.   P.},
	month=jul,
	year={2013},
	keywords={bicycle, dynamics, manual control},
	pages={1059--1090},
}

@article{sharp_2008_stability,
	title={On the {Stability} and {Control} of the {Bicycle}},
	volume={61},
	issn={0003-6900},
	url={https://doi.org/10.1115/1.2983014},
	doi={10.1115/1.2983014},
	number={6},
	urldate={2023-02-20},
	journal={Applied Mechanics Reviews},
	author={Sharp, Robin S.},
	month=oct,
	year={2008},
}

@phdthesis{peterson_2013_bicycle,
	title={Bicycle dynamics: {M}odelling and experimental validation},
	url={https://github.com/hazelnusse/dissertation},
	urldate={2023-06-05},
	school={University of California Davis},
	author={Peterson, Luke},
	year={2013},
}

@techreport{meijaard_2011_history,
    author={Meijaard, J. P. and Papadopoulos, Jim M. and Ruina, Andy and Schwab, A. L.},
    title={History of thoughts about bicycle self-stability},
    institution={Cornell},
    year={2011},
	url={https://ecommons.cornell.edu/handle/1813/22497},
	language={en},
	urldate={2023-07-08},
}

@article{schwab_2012_lateral,
	title={Lateral dynamics of a bicycle with a passive rider model: {S}tability and controllability},
	volume={50},
	issn={0042-3114},
	shorttitle={Lateral dynamics of a bicycle with a passive rider model},
	url={https://doi.org/10.1080/00423114.2011.610898},
	doi={10.1080/00423114.2011.610898},
	number={8},
	urldate={2023-06-27},
	journal={Vehicle System Dynamics},
	author={Schwab, A.   L. and Meijaard, J.   P. and Kooijman, J.   D.G.},
	month=aug,
	year={2012},
	keywords={bicycle dynamics, human control, modal controllability, multibody dynamics, non-holonomic systems},
	pages={1209--1224},
}

@article{sharp_1976_dynamics,
	title={The {Dynamics} of {Single} {Track} {Vehicles}},
	volume={5},
	issn={0042-3114},
	url={https://doi.org/10.1080/00423117508968406},
	doi={10.1080/00423117508968406},
	number={1-2},
	urldate={2023-07-08},
	journal={Vehicle System Dynamics},
	author={Sharp, R. S.},
	month=aug,
	year={1976},
	pages={67--77},
}

@article{plochl_2012_wobble,
	title={On the wobble mode of a bicycle},
	volume={50},
	issn={0042-3114},
	url={https://doi.org/10.1080/00423114.2011.594164},
	doi={10.1080/00423114.2011.594164},
	number={3},
	urldate={2022-11-17},
	journal={Vehicle System Dynamics},
	author={Plöchl, Manfred and Edelmann, Johannes and Angrosch, Bernhard and Ott, Christoph},
	month=mar,
	year={2012},
	keywords={bicycle dynamics, bicycle stability, shimmy, wobble},
	pages={415--429},
}

@techreport{alizadehsaravi_2023_bicycle,
	title={Bicycle balance assist system reduces roll and steering motion for young and older bicyclists during real-life safety challenges},
	url={https://engrxiv.org/preprint/view/2825},
	language={en},
	urldate={2023-07-10},
	institution={Engineering Archive},
	author={Alizadehsaravi, Leila and Moore, Jason K.},
	month=may,
	year={2023},
	doi={10.31224/2825},
	keywords={aging, assistive technology, balance assist, balance control, bicycle, cycling safety},
}

@article{meijaard_2007_linearized,
	title={Linearized dynamics equations for the balance and steer of a bicycle: a benchmark and review},
	volume={463},
	shorttitle={Linearized dynamics equations for the balance and steer of a bicycle},
	url={https://royalsocietypublishing-org.tudelft.idm.oclc.org/doi/10.1098/rspa.2007.1857},
	doi={10.1098/rspa.2007.1857},
	number={2084},
	urldate={2022-10-10},
	journal={Proceedings of the Royal Society A: Mathematical, Physical and Engineering Sciences},
	author={Meijaard, J.p and Papadopoulos, Jim M and Ruina, Andy and Schwab, A.l},
	month=aug,
	year={2007},
	keywords={bicycle, dynamics, linear, motorcycle, non-holonomic, stability},
	pages={1955--1982},
}

@article{limebeer_2006_bicycles,
	title={Bicycles, motorcycles, and models},
	volume={26},
	issn={1941-000X},
	doi={10.1109/MCS.2006.1700044},
	number={5},
	journal={IEEE Control Systems Magazine},
	author={Limebeer, D.J.N. and Sharp, R.S.},
	month=oct,
	year={2006},
	keywords={Axles, Bicycles, Horses, Ice, Leg, Motorcycles, Road transportation, Vehicle driving, Wheels, Wind energy},
	pages={34--61},
}

@inproceedings{meijaard_2006_linearized,
	address={Dordrecht},
	title={Linearized equations for an extended bicycle model},
	isbn={978-1-4020-5370-2},
	doi={10.1007/1-4020-5370-3_772},
	language={en},
	booktitle={{III} {European} {Conference} on {Computational} {Mechanics}},
	publisher={Springer Netherlands},
	author={Meijaard, J. P. and Schwab, A. L.},
	editor={Motasoares, C. A. and Martins, J. A. C. and Rodrigues, H. C. and Ambrósio, Jorge A. C. and Pina, C. A. B. and Motasoares, C. M. and Pereira, E. B. R. and Folgado, J.},
	year={2006},
	keywords={Aerodynamic Drag, Front Wheel, Normal Spin, Rear Wheel, Usual Construction},
	pages={772--772},
}

@article{moore_2018_opty,
    title={opty: {S}oftware for trajectory optimization and parameter identification using direct collocation},
    author={Moore, Jason K. and van den Bogert, Antonie J.},
    journal={Journal of Open Source Software},
    year={2018}
}

@article{harris_2020_array,
    title={Array programming with {N}um{P}y},
    author={Charles R. Harris and K. Jarrod Millman and St{\'{e}}fan J. van der Walt and Ralf Gommers and Pauli Virtanen and David Cournapeau and Eric Wieser and Julian Taylor and Sebastian Berg and Nathaniel J. Smith and Robert Kern and Matti Picus and Stephan Hoyer and Marten H. van Kerkwijk and Matthew Brett and Allan Haldane and Jaime Fern{\'{a}}ndez del R{\'{i}}o and Mark Wiebe and Pearu Peterson and Pierre G{\'{e}}rard-Marchant and Kevin Sheppard and Tyler Reddy and Warren Weckesser and Hameer Abbasi and Christoph Gohlke and Travis E. Oliphant},
    year={2020},
    month=sep,
    journal={Nature},
    volume={585},
    number={7825},
    pages={357--362},
    doi={10.1038/s41586-020-2649-2},
    publisher={Springer Science and Business Media {LLC}},
    url={https://doi.org/10.1038/s41586-020-2649-2}
}

@article{virtanen_2020_scipy,
    author={Virtanen, Pauli and Gommers, Ralf and Oliphant, Travis E. and Haberland, Matt and Reddy, Tyler and Cournapeau, David and Burovski, Evgeni and Peterson, Pearu and Weckesser, Warren and Bright, Jonathan and {van der Walt}, St{\'e}fan J. and Brett, Matthew and Wilson, Joshua and Millman, K. Jarrod and Mayorov, Nikolay and Nelson, Andrew R. J. and Jones, Eric and Kern, Robert and Larson, Eric and Carey, C J and Polat, {\.I}lhan and Feng, Yu and Moore, Eric W. and {VanderPlas}, Jake and Laxalde, Denis and Perktold, Josef and Cimrman, Robert and Henriksen, Ian and Quintero, E. A. and Harris, Charles R. and Archibald, Anne M. and Ribeiro, Ant{\^o}nio H. and Pedregosa, Fabian and {van Mulbregt}, Paul and {SciPy 1.0 Contributors}},
    title={{S}ci{P}y 1.0: {F}undamental {A}lgorithms for {S}cientific {C}omputing in {P}ython},
    journal={Nature Methods},
    year={2020},
    volume={17},
    pages={261--272},
    adsurl={https://rdcu.be/b08Wh},
    doi={10.1038/s41592-019-0686-2},
}

@incollection{guenter_2007_efficient,
    title={Efficient symbolic differentiation for graphics applications},
    author={Guenter, Brian},
    booktitle={ACM SIGGRAPH 2007 papers},
    pages={108--es},
    year={2007},
    publisher={Association for Computing Machinery},
}

@article{vansoest_1992_spacar,
    title={{SPACAR}: a software subroutine package for simulation of the behavior of biomechanical systems},
    author={van Soest, Arthur J and Schwab, Arend L and Bobbert, Maarten F and van Ingen Schenau, Gerrit Jan},
    journal={Journal of biomechanics},
    volume={25},
    number={10},
    pages={1219--1226},
    year={1992},
    publisher={Elsevier}
}

@misc{matlab_2023_symbolic,
    year={2023},
    author={{The MathWorks Inc.}},
    title={{S}ymbolic {T}oolbox},
    publisher={The MathWorks Inc.},
    address={Natick, Massachusetts, United States},
    note={https://www.mathworks.com}
}

@article{rosenthal_1986_high,
	title={High {Performance} {Multibody} {Simulations} via {Symbolic} {Equation} {Manipulation} and {Kane}’s {Method}},
	volume={34},
	journal={Journal of the Astronautical Sciences},
	author={Rosenthal, Dan and Sherman, Michael},
	month=jul,
	year={1986},
	pages={223--239},
}

@inproceedings{todorov_2012_mujoco,
    title={{M}u{J}o{C}o: A physics engine for model-based control},
    author={Todorov, Emanuel and Erez, Tom and Tassa, Yuval},
    booktitle={2012 IEEE/RSJ international conference on intelligent robots and systems},
    pages={5026--5033},
    year={2012},
    organization={IEEE}
}

@inproceedings{erez_2015_simulation,
    title={Simulation tools for model-based robotics: Comparison of {B}ullet, {H}avok, {M}u{J}o{C}o, {ODE} and {P}hys{X}},
    author={Erez, Tom and Tassa, Yuval and Todorov, Emanuel},
    booktitle={2015 IEEE international conference on robotics and automation (ICRA)},
    pages={4397--4404},
    year={2015},
    organization={IEEE}
}

@article{gowda_2022_high,
    title={High-performance symbolic-numerics via multiple dispatch},
    author={Gowda, Shashi and Ma, Yingbo and Cheli, Alessandro and Gw{\'o}{\'z}zd{\'z}, Maja and Shah, Viral B and Edelman, Alan and Rackauckas, Christopher},
    journal={ACM Communications in Computer Algebra},
    volume={55},
    number={3},
    pages={92--96},
    year={2022},
    publisher={ACM New York, NY, USA}
}

@article{sherman_2011_simbody,
    title={Simbody: {M}ultibody dynamics for biomedical research},
    author={Sherman, Michael A and Seth, Ajay and Delp, Scott L},
    journal={Procedia Iutam},
    volume={2},
    pages={241--261},
    year={2011},
    publisher={Elsevier}
}

@incollection{levinson_1990_autolev,
    title={{AUTOLEV}—a new approach to multibody dynamics},
    author={Levinson, David A and Kane, Thomas R},
    booktitle={Multibody systems handbook},
    pages={81--102},
    year={1990},
    publisher={Springer}
}

@article{ryan_1990_adams,
    title={{ADAMS}—Multibody system analysis software},
    author={Ryan, RR},
    journal={Multibody systems handbook},
    pages={361--402},
    year={1990},
    publisher={Springer}
}

@book{griewank_2008_evaluating,
    title={Evaluating {D}erivatives: {P}rinciples and {T}echniques of {A}lgorithmic {D}ifferentiation},
    author={Griewank, Andreas and Walther, Andrea},
    year={2008},
    publisher={SIAM}
}

@article{millard_2020_automatic,
    title={Automatic differentiation and continuous sensitivity analysis of rigid body dynamics},
    author={Millard, David and Heiden, Eric and Agrawal, Shubham and Sukhatme, Gaurav S},
    journal={arXiv preprint arXiv:2001.08539},
    year={2020}
}

@book{betts_2010_practical,
    title={Practical methods for optimal control and estimation using nonlinear programming},
    author={Betts, John T},
    year={2010},
    publisher={SIAM}
}

@article{biegler_2009_large,
  title={Large-scale nonlinear programming using {IPOPT}: {A}n integrating framework for enterprise-wide dynamic optimization},
  author={Biegler, Lorenz T and Zavala, Victor M},
  journal={Computers \& Chemical Engineering},
  volume={33},
  number={3},
  pages={575--582},
  year={2009},
  publisher={Elsevier}
}

@article{malengier_2018_odes,
    doi={10.21105/joss.00165},
    url={https://doi.org/10.21105/joss.00165},
    year ={2018},
    month={feb},
    publisher={The Open Journal},
    volume={3},
    number={22},
    pages={165},
    author={Benny Malengier and Pavol Ki{\v{s}}on and James Tocknell and Claas Abert and Florian Bruckner and Marc-Antonio Bisotti},
    title={{ODES}: a high level interface to {ODE} and {DAE} solvers},
    journal={The Journal of Open Source Software}
}

@article{gardner_2022_sundials,
    title={Enabling new flexibility in the {SUNDIALS} suite of nonlinear and differential/algebraic equation solvers},
    author={Gardner, David J and Reynolds, Daniel R and Woodward, Carol S and Balos, Cody J},
    journal={ACM Transactions on Mathematical Software},
    publisher={ACM},
    year={2022},
    doi={10.1145/3539801}
}

@article{hindmarsh_2005_sundials,
    title={{SUNDIALS}: Suite of nonlinear and differential/algebraic equation solvers},
    author={Hindmarsh, Alan C and Brown, Peter N and Grant, Keith E and Lee, Steven L and Serban, Radu and Shumaker, Dan E and Woodward, Carol S},
    journal={ACM Transactions on Mathematical Software},
    publisher={ACM},
    volume={31},
    number={3},
    pages={363--396},
    year={2005},
    doi={10.1145/1089014.1089020}
}

@book{kane_1985_dynamics,
    title={Dynamics, theory and applications},
    author={Kane, Thomas R and Levinson, David A},
    year={1985},
    publisher={McGraw Hill}
}

@article{kane_1980_formulation,
    title={Formulation of equations of motion for complex spacecraft},
    author={Kane, Thomas R and Levinson, David A},
    journal={Journal of Guidance and control},
    volume={3},
    number={2},
    pages={99--112},
    year={1980}
}

@book{featherstone_2014_rigid,
    title={Rigid body dynamics algorithms},
    author={Featherstone, Roy},
    year={2014},
    publisher={Springer}
}

@book{jain_2010_robot,
    title={Robot and multibody dynamics: analysis and algorithms},
    author={Jain, Abhinandan},
    year={2010},
    publisher={Springer Science \& Business Media}
}

@article{park_2022_direct,
    title={A direct collocation framework for optimal control simulation of pedaling using OpenSim},
    author={Park, Sangsoo and Caldwell, Graham E and Umberger, Brian R},
    journal={Plos one},
    volume={17},
    number={2},
    pages={e0264346},
    year={2022},
    publisher={Public Library of Science San Francisco, CA USA}
}

@misc{stienstra_2023_symmeplot,
    year={2023},
    author={Timotheüs J. Stienstra},
    title={{SymMePlot}},
    note={https://github.com/tjstienstra/symmeplot}
}

@article{werling_2021_fast,
	title={Fast and {Feature}-{Complete} {Differentiable} {Physics} for {Articulated} {Rigid} {Bodies} with {Contact}},
	language={en},
	author={Werling, Keenon and Omens, Dalton and Lee, Jeongseok and Exarchos, Ioannis and Liu, C Karen},
	journal = {arXiv},
	month=jun,
	year={2021},
	keywords={Analytical Gradients, Contact Dynamics, Differentiable Physics Engine, Explains Engine, Linear Complementarity Problems (LCP), NimblePhysics, Published, Reviews Differential Methods, Symbolic},
	pages={15},
}

@article{stienstra_2023_brim,
    author={Stienstra, Timo J.},
    title={{BRiM}: {A} {M}odular {B}icycle-{R}ider {M}odeling {F}ramework},
    year={2023},
    note={Master Thesis, {Delft University of Technology}}
}

@misc{fastbike,
    author={Dynamotion},
    year={2023},
    title={FastBike},
    note={https://www.dynamotion.it/en/software/fastbike-software/},
}

@misc{jbike6,
    author={Schwab, A. L. and Papadopoulos, J. and Ruina, A. and Dressel A.},
    title={JBike6},
    year={2015}
}
